<record><leader>00000cas a22000007a 4500</leader><controlfield tag="001">11214803</controlfield><controlfield tag="008">841001d19421948njuwr ne      0    0eng  </controlfield><controlfield tag="009">466</controlfield><datafield ind1=" " ind2=" " tag="010"><subfield code="a">sn 84020590 </subfield></datafield><datafield ind1=" " ind2=" " tag="040"><subfield code="a">DLC</subfield><subfield code="b">eng</subfield><subfield code="c">DLC</subfield><subfield code="d">NJW</subfield></datafield><datafield ind1="1" ind2=" " tag="029"><subfield code="a">AU@</subfield><subfield code="b">000025811890</subfield></datafield><datafield ind1=" " ind2=" " tag="042"><subfield code="a">msc</subfield></datafield><datafield ind1="0" ind2="0" tag="050"><subfield code="a">Newspaper 7002</subfield></datafield><datafield ind1="0" ind2="4" tag="245"><subfield code="a">The Wildwood leader tribune-journal.</subfield></datafield><datafield ind1="1" ind2="0" tag="246"><subfield code="a">Wildwood leader tribune journal</subfield></datafield><datafield ind1="1" ind2="7" tag="246"><subfield code="a">Leader</subfield></datafield><datafield ind1=" " ind2=" " tag="260"><subfield code="a">Wildwood, N.J. :</subfield><subfield code="b">Cape May County Leader Co.,</subfield></datafield><datafield ind1=" " ind2=" " tag="300"><subfield code="a">v. :</subfield><subfield code="b">ill. ;</subfield><subfield code="c">63 cm.</subfield></datafield><datafield ind1=" " ind2=" " tag="310"><subfield code="a">Weekly</subfield></datafield><datafield ind1="0" ind2=" " tag="362"><subfield code="a">Vol. 23, no. 2 (Feb. 5, 1942)-v. 30, no. 35 (Oct. 7, 1948) = v. 52, no. 33-v. 59, no. 40.</subfield></datafield><datafield ind1=" " ind2=" " tag="500"><subfield code="a">"Independent." Cf. Ayer, 1977.</subfield></datafield><datafield ind1=" " ind2=" " tag="752"><subfield code="a">United States</subfield><subfield code="b">New Jersey</subfield><subfield code="c">Cape May</subfield><subfield code="d">Wildwood.</subfield></datafield><datafield ind1="0" ind2="4" tag="780"><subfield code="t">Leader</subfield><subfield code="w">(DLC)sn 87068077</subfield></datafield><datafield ind1="0" ind2="4" tag="780"><subfield code="t">Wildwood tribune-journal</subfield><subfield code="w">(DLC)sn 90063019</subfield></datafield><datafield ind1="0" ind2="0" tag="785"><subfield code="t">Wildwood leader</subfield><subfield code="w">(DLC)sn 900630433</subfield></datafield></record>